@book{polyasolve,
  abstract = {{A perennial bestseller by eminent mathematician G. Polya, <I>How to Solve It</I> will show anyone in any field how to think straight.<P>In lucid and appealing prose, Polya reveals how the mathematical method of demonstrating a proof or finding an unknown can be of help in attacking any problem that can be "reasoned" out--from building a bridge to winning a game of anagrams. Generations of readers have relished Polya's deft--indeed, brilliant--instructions on stripping away irrelevancies and going straight to the heart of the problem.<P>}},
  added-at = {2009-08-06T15:16:38.000+0200},
  author = {Polya, G.},
  biburl = {https://www.bibsonomy.org/bibtex/2237322f30081bafcc21a4dfb67d46d94/chato},
  citeulike-article-id = {679515},
  citeulike-linkout-0 = {http://www.amazon.ca/exec/obidos/redirect?tag=citeulike09-20\&amp;path=ASIN/0691023565},
  citeulike-linkout-1 = {http://www.amazon.de/exec/obidos/redirect?tag=citeulike01-21\&amp;path=ASIN/0691023565},
  citeulike-linkout-2 = {http://www.amazon.fr/exec/obidos/redirect?tag=citeulike06-21\&amp;path=ASIN/0691023565},
  citeulike-linkout-3 = {http://www.amazon.co.uk/exec/obidos/ASIN/0691023565/citeulike00-21},
  citeulike-linkout-4 = {http://www.amazon.com/exec/obidos/redirect?tag=citeulike07-20\&path=ASIN/0691023565},
  citeulike-linkout-5 = {http://www.worldcat.org/isbn/0691023565},
  citeulike-linkout-6 = {http://books.google.com/books?vid=ISBN0691023565},
  citeulike-linkout-7 = {http://www.amazon.com/gp/search?keywords=0691023565\&index=books\&linkCode=qs},
  citeulike-linkout-8 = {http://www.librarything.com/isbn/0691023565},
  howpublished = {Paperback},
  interhash = {d671e3abef2a33a792e123e5613cabcc},
  intrahash = {237322f30081bafcc21a4dfb67d46d94},
  isbn = {0691023565},
  keywords = {algorithms, math},
  month = {11},
  posted-at = {2008-03-20 09:11:44},
  publisher = {{Princeton University Press}},
  timestamp = {2009-08-06T15:16:46.000+0200},
  title = {How to Solve It},
  url = {http://www.amazon.com/exec/obidos/redirect?tag=citeulike07-20\&path=ASIN/0691023565},
  year = 1971
}



@book{euclid1956elements,
  added-at = {2016-04-30T00:51:33.000+0200},
  address = {New York},
  author = {Euclid},
  biburl = {https://www.bibsonomy.org/bibtex/27c54bf3c0cc7c90ecc45582561c9719a/searocraeft},
  description = {The Elements of Euclid; Sir Thomas Heath-2nd Ed. ebox Set : Free Download & Streaming : Internet Archive},
  edition = {2nd},
  editor = {Heath, Sir Thomas L.},
  interhash = {e904ead0a587fd5a11aab01ca9fd6b95},
  intrahash = {7c54bf3c0cc7c90ecc45582561c9719a},
  keywords = {euclid mathematics},
  publisher = {Dover Publications Inc.},
  timestamp = {2016-04-30T00:51:33.000+0200},
  title = {The Elements of Euclid},
  url = {https://archive.org/details/euclid_heath_2nd_ed},
  year = 1956
}


@misc{enwiki:945896905,
    author = "{Wikipedia contributors}",
    title = "List of order theory topics --- {Wikipedia}{,} The Free Encyclopedia",
    year = "2020",
    howpublished = "\url{https://en.wikipedia.org/w/index.php?title=List_of_order_theory_topics&oldid=945896905}",
    note = "[Online; accessed 14-August-2021]"
}

  @misc{ enwiki:1038741711,
    author = "{Wikipedia contributors}",
    title = "Lattice (order) --- {Wikipedia}{,} The Free Encyclopedia",
    year = "2021",
    howpublished = "\url{https://en.wikipedia.org/w/index.php?title=Lattice_(order)&oldid=1038741711}",
    note = "[Online; accessed 14-August-2021]"
  }
  
    @misc{ enwiki:1023272575,
    author = "{Wikipedia contributors}",
    title = "Fundamental theorem of algebra --- {Wikipedia}{,} The Free Encyclopedia",
    year = "2021",
    howpublished = "\url{https://en.wikipedia.org/w/index.php?title=Fundamental_theorem_of_algebra&oldid=1023272575}",
    note = "[Online; accessed 17-August-2021]"
  }